
# -----------------------------------------------------------------
# Misc
# -----------------------------------------------------------------

# -----------------------------------------------------------------
# A
# -----------------------------------------------------------------
#
# Notes:
#
# 1. The linewrap logic in PCTex's bibliography generator does
#    not handle underscores (it will split the line in the wrong
#    place). In the 'note' fields, make sure to use new lines rather
#    than have the note on one line. The easiest way to check for
#    issues is to generate the bibliography and then look at the
#    .bbl file.
#
# 2. Use \href for all the links, rather than url for the web links,
#    as it keeps the fonts in the final document the same
#    (url generates a true-type hyperlink)
# 


@misc{
	Altera_Quartus_Handbook_2011,
	author={{Altera Corporation}},
	note={\newline(\href{http://www.altera.com/literature/hb/qts/quartusii_handbook.pdf}
	     {quartusii\_handbook.pdf})},
	title={{Quartus II Handbook (version 11.1)}},
	month=nov,
	year={2011}
}

@misc{
	Altera_Embedded_IP_2011,
	author={{Altera Corporation}},
	note={\newline(\href{http://www.altera.com/literature/ug/ug_embedded_ip.pdf}
	     {ug\_embedded\_ip.pdf})},
	title={{Embedded Peripherals IP User Guide (version 11.0)}},
	month=jun,
	year={2011}
}

@misc{
	Altera_Verification_IP_2011,
	author={{Altera Corporation}},
	note={\newline(\href{http://www.altera.com/literature/ug/ug_avalon_verification_ip.pdf}
	     {ug\_avalon\_verification\_ip.pdf},
	     \href{http://www.altera.com/literature/ug/ug_avalon_verification_ip.zip}
	     {ug\_avalon\_verification\_ip.zip})},
	title={{Avalon Verification IP Suite User Guide (version 3.0)}},
	month=may,
	year={2011}
}

@misc{
	Altera_Qsys_Tutorial_2011,
	author={{Altera Corporation}},
	note={\newline(\href{http://www.altera.com/literature/tt/tt_qsys_intro.pdf}
	     {tt\_qsys\_intro.pdf})},
	title={{Qsys System Design Tutorial (version 2.0)}},
	month=may,
	year={2011}
}

@misc{
	Altera_SOPC_Builder_2010,
	author={{Altera Corporation}},
	note={\newline(\href{http://www.altera.com/literature/ug/ug_sopc_builder.pdf}
	     {ug\_sopc\_builder.pdf})},
	title={{SOPC Builder User Guide (version 1.0)}},
	month=dec,
	year={2010}
}

@misc{
	Altera_Interface_Specification_Qsys_2011,
	author={{Altera Corporation}},
	note={\newline(\href{http://www.altera.com/literature/manual/mnl_avalon_spec.pdf}
	     {mnl\_avalon\_spec.pdf})},
	title={{Avalon Interface Specifications (version 2.0, for Qsys Systems)}},
	month=may,
	year={2011}
}

@misc{
	Altera_Interface_Specification_SOPC_2011,
	author={{Altera Corporation}},
	note={(\href{http://www.altera.com/literature/manual/mnl_avalon_spec_1_3.pdf}
	     {mnl\_avalon\_spec\_1\_3.pdf})},
	title={{Avalon Interface Specifications (version 1.3, for SOPC Systems)}},
	month=aug,
	year={2010}
}

@misc{
	Altera_Embedded_Design_Handbook_2011,
	author={{Altera Corporation}},
	note={\newline(\href{http://www.altera.com/literature/hb/nios2/edh_ed_handbook.pdf}
	     {edh\_ed\_handbook.pdf})},
	title={{Embedded Design Handbook (version 2.9)}},
	month=jul,
	year={2011}
}

@misc{
	Altera_NIOSII_Hardware_Tutorial_2011,
	author={{Altera Corporation}},
	note={\newline(\href{http://www.altera.com/literature/tt/tt_nios2_hardware_tutorial.pdf}
	     {tt\_nios2\_hardware\_tutorial.pdf},
	     \href{http://www.altera.com/literature/tt/niosII_hw_dev_tutorial.zip}
	     {niosII\_hw\_dev\_tutorial.zip})},
	title={{Nios II Hardware Development Tutorial (version 4.0)}},
	month=may,
	year={2011}
}

@misc{
	Altera_Virtual_JTAG_2008,
	author={{Altera Corporation}},
	note={\newline(\href{http://www.altera.com/literature/ug/ug_virtualjtag.pdf}
	     {ug\_virtualjtag.pdf})},
	title={{Virtual JTAG Megafunction User Guide (version 2.0)}},
	month=dec,
	year={2008}
}

@misc{
	Altera_Qsys_NoC_Whitepaper_2011,
	author={{Altera Corporation}},
	note={(\href{http://www.altera.com/literature/wp/wp-01149-noc-qsys.pdf}
	     {wp-01149-noc-qsys.pdf})},
	title={{Applying the Benefits of Network on a Chip Architecture to FPGA System Design}},
	month=apr,
	year={2011}
}


# -----------------------------------------------------------------
# H
# -----------------------------------------------------------------
#

@misc{Hawkins_Altera_JTAG_to_Avalon_Analysis_2012,
	author={D. W. Hawkins},
	note={\newline(\href{https://github.com/d-hawkins/altera_jtag_to_avalon_analysis}
	{https://github.com/d-hawkins/altera\_jtag\_to\_avalon\_analysis})},
	title={{Altera JTAG-to-Avalon Analysis}},
	month=jan,
	year={2012}
}

@misc{Hawkins_Altera_JTAG_to_Avalon_MM_Tutorial_2012,
	author={D. W. Hawkins},
	note={\newline(\href{https://github.com/d-hawkins/altera_jtag_to_avalon_mm_tutorial}
	{https://github.com/d-hawkins/altera\_jtag\_to\_avalon\_mm\_tutorial})},
	title={{Altera JTAG-to-Avalon MM Tutorial}},
	month=mar,
	year={2012}
}

@misc{Hawkins_Intel_JTAG_to_Avalon_MM_Tutorial_2023,
	author={D. W. Hawkins},
	note={\newline(\href{https://github.com/d-hawkins/intel_jtag_to_avalon_mm_tutorial}
	{https://github.com/d-hawkins/intel\_jtag\_to\_avalon\_mm\_tutorial})},
	title={{Intel JTAG-to-Avalon MM Tutorial}},
	month=may,
	year={2023}
}

# -----------------------------------------------------------------
# W
# -----------------------------------------------------------------
#
@book{Welch_2000,
	author={B. B. Welch},
	publisher={Prentice Hall},
	title={{Practical Programming in Tcl and Tk}},
	edition={3rd},
	year={2000}
}
